@string(PROCNAS="Proceedings of the National Academy of Sciences")
@comment article{,
       author={},
       title={},
       journal={},
       volume={},
       year = ,
       pages = {}
     }

@comment incollection{,
       author={},
       year={},
       title={},
       booktitle={},
       editor={},
       pages={},
       publisher={},
       address={}
     }

@comment book{,
       author = {},
       year = {},
       title = {},
       publisher = {},
       address = {}
     }

@incollection{Longair95,
       author={M. Longair},
       year={1995},
       title={Light and Colour},
       booktitle={Colour: Art and Science},
       editor={T. Lamb and J. Bourriau},
       pages={65-102},
       publisher={Press Syndicate of the University of Cambridge},
       address={}
     }

@incollection{Baylor95,
       author={D. Baylor},
       year={1995},
       title={Colour Mechanisms of the Eye},
       booktitle={Colour: Art and Science},
       editor={T. Lamb and J. Bourriau},
       pages={103-126},
       publisher={Press Syndicate of the University of Cambridge},
       address={}
     }

@incollection{Mollon95,
       author={J. Mollon},
       year={1995},
       title={Seeing Colour},
       booktitle={Colour: Art and Science},
       editor={T. Lamb and J. Bourriau},
       pages={127-150},
       publisher={Press Syndicate of the University of Cambridge},
       address={}
     }

@incollection{Gage95,
       author={J. Gage},
       year={1995},
       title={Colour and Culture},
       booktitle={Colour: Art and Science},
       editor={T. Lamb and J. Bourriau},
       pages={175-193},
       publisher={Press Syndicate of the University of Cambridge},
       address={}
     }

@incollection{Lyons95,
       author={J. Lyons},
       year={1995},
       title={Colour in Language},
       booktitle={Colour: Art and Science},
       editor={T. Lamb and J. Bourriau},
       pages={175-193},
       publisher={Press Syndicate of the University of Cambridge},
       address={}
     }

@book{Dedrick98,
       author = {D. Dedrick},
       year = {1998},
       title = {Naming the Rainbow: Colour Language, Colour Science, and Culture},
       publisher = {Kluwer Academic Publishers},
       address = {Dordrecht, The Netherlands}
     }

@incollection{Hardin98,
       author={C. L. Hardin},
       year={1998},
       title={Philosophy of Color},
       booktitle={Color for Science, Art and Technology},
       editor={K. Nassau},
       pages={209-220},
       publisher={Elsevier},
       addess={}
     }



@incollection{Saunders06,
       author={B. Saunders},
       year={2006},
       title={The Normativity of Colour},
       booktitle={Progress in Colour Studies, Vol. I: Language and Culture},
       editor={C. P. Biggam and C. J. Kay},
       pages={89-100},
       publisher={John Benjamins},
       address={Amsterdam/Philadelphia}
     }

@book{Progress1,
       editor = {C. P. Biggam and C. J. Kay},
       year = {2006},
       title = {Progress in Colour Studies, Vol. I: Language and Culture},
       publisher = {John Benjamins},
       address = {Amsterdam/Philadelphia}
     }

@book{Progress2,
       editor = {C. P. Biggam and C. J. Kay},
       year = {2006},
       title = {Progress in Colour Studies, Vol. II: Psychological Aspects},
       publisher = {John Benjamins},
       address = {Amsterdam/Philadelphia}
     }

@incollection{Bornstein06,
       author={M. H. Bornstein},
       year={2006},
       title={Hue Categorization and Color Naming: Physics to sensation to perception},
       booktitle={Progress in Colour Studies, Vol. II: Psychological Aspects},
       editor={N. J. Pitchford and C. P. Biggam},
       pages={35-68},
       publisher={John Benjamins},
       address={Amsterdam/Philadelphia}
     }

@incollection{Dedrick06,
       author={D. Dedrick},
       year={2006},
       title={Explanation(s) and the Patterning of Basic Colour Words Across Languages and Speakers},
       booktitle={Progress in Colour Studies, Vol. II: Psychological Aspects},
       editor={N. J. Pitchford and C. P. Biggam},
       pages={1-11},
       publisher={John Benjamins},
       address={Amsterdam/Philadelphia}
     }

@book{Huxtable08,
       author = {M. J. Huxtable},
       year = {2008},
       title = {Colour, Seeing and Seeing Colour in Medieval Literature},
       publisher = {Durham Theses, Durham University},
       howpublished = {Available at Durham E-Theses Online: http://etheses.dur.ac.uk/2175/}
       address = {}
     }

@article{Jameson09a,
       author={K. J. Jameson and N. L. Komarova},
       title={Evolutionary models of color categorization. {I}. {P}opulation categorization systems based on normal and dichromat observers},
       journal={J. Opt. Soc. Am.},
       volume={26},
       year = 2009,
       pages = {1414-1423}
     }

@article{Jameson09b,
       author={K. J. Jameson and N. L. Komarova},
       title={Evolutionary models of color categorization. {II}. {R}ealistic observer models and population heterogeneity},
       journal={J. Opt. Soc. Am.},
       volume={26},
       year = 2009,
       pages = {1424-1436}
     }

@article{Hardin05,
       author={C. L. Hardin},
       title={Explaining basic color categories},
       journal={Cross-Cultural Research},
       volume={39},
       year = 2005,
       pages = {72-87}
     }

@incollection{Kerttula07,
       author={S. Kerttula},
       year={2007},
       title={Relative basicness of colour terms},
       booktitle={Anthropology of Colour: Interdisciplinary Multilevel Modeling},
       editor={R. E. MacLaury and G. V. Paramei and D. Dedrick},
       pages={151-169},
       publisher={John Benjamins Publishing Company},
       address={Amsterdam/Philadelphia}
     }

 @book{Anthropology,
       editor = {R. E. MacLaury and G. V. Paramei and D. Dedrick},
       year = {2007},
       title = {Anthropology of Colour: Interdisciplinary Multilevel Modeling},
       publisher = {John Benjamins Publishing Company},
       address = {Amsterdam/Philadelphia}
     }
@incollection{Saunders07,
       author={B. Saunders},
       year={2007},
       title={Towards a new topology of color},
       booktitle={Anthropology of Colour: Interdisciplinary Multilevel Modeling},
       editor={R. E. MacLaury and G. V. Paramei and D. Dedrick},
       pages={467-479},
       publisher={John Benjamins Publishing Company},
       address={Amsterdam/Philadelphia}
     }

@incollection{Wierzbicka06,
       author={A. Wierzbicka},
       year={2006},
       title={The semantics of colour: A new paradigm},
       booktitle={Progress in Colour Studies, Vol. I: Language and Culture},
       editor={C. P. Biggam and C. J. Kay},
       pages={1-24},
       publisher={John Benjamins},
       address={Amsterdam/Philadelphia}
     }

@incollection{Franklin06,
       author={A. Franklin and I. R. L. Davies},
       year={2006},
       title={Converging evidence for pre-linguistic colour categorization},
       booktitle={Progress in Colour Studies, Vol. II: Psychological Aspects},
       editor={N. J. Pitchford and C. P. Biggam},
       pages={101-119},
       publisher={John Benjamins},
       address={Amsterdam/Philadelphia}
     }

@incollection{Bornstein07,
       author={M. H. Bornstein},
       year={2007},
       title={Hue categorization and color naming: Cognition to language to culture},
       booktitle={Anthropology of Colour: Interdisciplinary Multilevel Modeling},
       editor={R. E. MacLaury and G. V. Paramei and D. Dedrick},
       pages={3-27},
       publisher={John Benjamins Publishing Company},
       address={Amsterdam/Philadelphia}
     }

@article{Wierzbicka08,
       author={A. Wierzbicka},
       title={Correspondence},
       journal={Journal of the Royal Anthropological Institute},
       volume={14},
       year = 2008,
       pages = {887-889}
     }
@incollection{Lucy97,
       author={J. A. Lucy},
       year={1997},
       title={The linguistics of "color"},
       booktitle={Color Categories in Thought and Language},
       editor={C. L. Hardin and L. Maffi},
       pages={320-346},
       publisher={Cambridge University Press},
       address={}
     }

@incollection{Jameson97,
       author={K. Jameson and R. G. D'Andrade},
       year={1997},
       title={It's not really red, green, yellow, blue: an inquiry into perceptual color space},
       booktitle={Color Categories in Thought and Language},
       editor={C. L. Hardin and L. Maffi},
       pages={295-319},
       publisher={Cambridge University Press},
       address={}
     }

@incollection{Chirimuuta11,
       author={M. Chirimuuta},
       year={2011},
       title={Touchy-Feely colour},
       booktitle={New Directions in Colour Studies},
       editor={C. P. Biggam and C. A. Hough and C. J. Kay and D. R. Simmons},
       pages={27-37},
       publisher={John Benjamins Publishing Company},
       address={Amsterdam/Philadelphia}
     }

@book{Directions,
       editor = {C. P. Biggam and C. A. Hough and C. J. Kay and D. R. Simmons},
       year = {2011},
       title = {New Directions in Colour Studies},
       publisher = {John Benjamins Publishing Company},
       address = {Amsterdam/Philadelphia}
     }

@book{MP,
       author = {M. Merleau-Ponty},
       year = {2005},
       title = {Phenomenology of Perception},
       publisher = {Taylor \& Francis e-Library},
       address = {}
     }

@book{Fairchild05,
  title={Color Appearance Models},
  author={M. D. Fairchild},
  series={The Wiley-IS\&T Series in Imaging Science and Technology},
  year={2005},
  publisher={Wiley}
}

@article{SvB,
       author={B. Saunders and J. van Brakel},
       title={Are there nontrivial constraints on colour categorization?},
       journal={Behavioral and Brain Sciences},
       volume={20},
       year = 1997,
       pages = {167-228}
     }

@article{MacLaury_SvB,
       author={R. E. MacLaury},
       title={Ethnographic evidence of unique hues and elemental colors},
       journal={Behavioral and Brain Sciences},
       volume={20},
       year = 1997,
       pages = {202-203}
     }

@article{McManus_SvB,
       author={I. C. McManus},
       title={A monochrome view of colour},
       journal={Behavioral and Brain Sciences},
       volume={20},
       year = 1997,
       pages = {204}
     }

@article{Foss_SvB,
       author={J. Foss},
       title={Mad about hue},
       journal={Behavioral and Brain Sciences},
       volume={20},
       year = 1997,
       pages = {189}
     }

@article{Hardin_SvB,
       author={C. L. Hardin},
       title={Color order systems: A guide for the perplexed},
       journal={Behavioral and Brain Sciences},
       volume={20},
       year = 1997,
       pages = {190-191}
     }

@article{Dubois_SvB,
       author={D. Dubois},
       title={Cultural beliefs as nontrivial constraints on categorization: Evidence from colors and odors},
       journal={Behavioral and Brain Sciences},
       volume={20},
       year = 1997,
       pages = {188}
     }

@article{Jameson_SvB,
       author={K. Jameson},
       title={What {S}aunders and van {B}rakel chose to ignore in color and cognition research},
       journal={Behavioral and Brain Sciences},
       volume={20},
       year = 1997,
       pages = {195-196}
     }

@article{Costall_SvB,
       author={A. Costall},
       title={"{C}olour science" and the autonomy of colour},
       journal={Behavioral and Brain Sciences},
       volume={20},
       year = 1997,
       pages = {185}
     }

@article{Mausfeld_SvB,
       author={R. J. Mausfeld},
       title={Why bother about opponency? {O}ur theoretical ideas on elementary colour coding have changed our language of experience},
       journal={Behavioral and Brain Sciences},
       volume={20},
       year = 1997,
       pages = {2003}
     }

@article{Simpson_SvB,
       author={C. Simpson},
       title={The irrelevance of the psychophysical argument},
       journal={Behavioral and Brain Sciences},
       volume={20},
       year = 1997,
       pages = {207}
     }

@article{Sokolov_SvB,
       author={E. N. Sokolov},
       title={Four-dimensional color space},
       journal={Behavioral and Brain Sciences},
       volume={20},
       year = 1997,
       pages = {207-208}
     }

@article{Jameson_SvB,
       author={K. Jameson},
       title={What Saunders and van Brakel chose to ignore in color and cognition research},
       journal={Behavioral and Brain Sciences},
       volume={20},
       year = 1997,
       pages = {195-196}
     }

@article{Poortinga_SvB,
       author={Y. H. Poortinga and F. J. R. van de Vijver},
       title={Is there no cross-cultural evidence in colour categories of psychological laws, only of cultural rules?},
       journal={Behavioral and Brain Sciences},
       volume={20},
       year = 1997,
       pages = {205-206}
     }

@article{Kruysbergen_SvB,
       author={N. W. H. van Kruysbergen and A. M. T. Bosman and C. de Weert},
       title={Universal colour perception versus contingent colour naming: A paradox?},
       journal={Behavioral and Brain Sciences},
       volume={20},
       year = 1997,
       pages = {209-210}
     }

@article{Kay_SvB,
       author={P. Kay and B. Berlin},
       title={Science $\neq$ imperialism: There are nontrivial constraints on color naming},
       journal={Behavioral and Brain Sciences},
       volume={20},
       year = 1997,
       pages = {196-201}
     }

@article{SvB_SvB,
       author={B. Saunders and J. van Brakel},
       title={Colour: An exosomatic organ?},
       journal={Behavioral and Brain Sciences},
       volume={20},
       year = 1997,
       pages = {212-220}
     }


@article{Malcolm_SvB,
       author={N. L. Malcolm},
       title={Grammars rule {O}.{K}.},
       journal={Behavioral and Brain Sciences},
       volume={22},
       year = 1999,
       pages = {723-724}
     }

@article{Broackes_SvB,
       author={J. Broackes},
       title={Could we take lime, purple, orange and teal as unique hues?},
       journal={Behavioral and Brain Sciences},
       volume={20},
       year = 1997,
       pages = {183-184}
     }

@article{Werner_SvB,
       author={J. S. Werner and M. L. Bieber},
       title={Hue opponency: A constraint on colour categorization known from experience and experiment},
       journal={Behavioral and Brain Sciences},
       volume={20},
       year = 1997,
       pages = {210-211}
     }

@article{Byrne_SvB,
       author={A. Byrne and D. R. Hilbert},
       title={Unique hues},
       journal={Behavioral and Brain Sciences},
       volume={20},
       year = 1997,
       pages = {184-185}
     }

@article{Brill_SvB,
       author={M. H. Brill},
       title={When science fails, can technology enforce color categories?},
       journal={Behavioral and Brain Sciences},
       volume={20},
       year = 1997,
       pages = {182-183}
     }

@article{VanLaar_SvB,
       author={D. van Laar},
       title={Ekphrasis in colour categorisation: Time for research, or time for revolution?},
       journal={Behavioral and Brain Sciences},
       volume={20},
       year = 1997,
       pages = {210}
     }
@article{Miller_SvB,
       author={D. L. Miller},
       title={Over the rainbow: The classification of unique hues},
       journal={Behavioral and Brain Sciences},
       volume={22},
       year = 1999,
       pages = {204-205}
     }

@article{Ingling_SvB,
       author={C. R. Ingling},
       title={Constraints on the definitions of "unique hues" and "opponent channels"},
       journal={Behavioral and Brain Sciences},
       volume={20},
       year = 1997,
       pages = {194-195}
     }

@article{SvB2_SvB,
       author={B. Saunders and J. van Brakel },
       title={Colour word trouble},
       journal={Behavioral and Brain Sciences},
       volume={22},
       year = 1999,
       pages = {725-729}
     }

@article{Wierzbicka_SvB,
       author={A. Wierzbicka},
       title={``{U}niversals of colour'' from a linguistic point of view},
       journal={Behavioral and Brain Sciences},
       volume={22},
       year = 1999,
       pages = {724-725}
     }


@book{BK69,
       author = {B. Berlin and P. Kay},
       year = {1969},
       title = {Basic Color Terms: Their Universality and Evolution},
       publisher = {University of California Press},
       address = {Berkeley, California}
     }

@article{Regier07,
       author={Regier, T. and Kay, P. and Khetarpal, N.},
       title={Color naming reflects optimal partitions of color space},
       journal=PROCNAS,
       volume={104},
       year = 2007 ,
       pages = {1436-1441}
     }

@article{Baronchelli10,
       author={Baronchelli, A. and Gong, T. and Puglisi, A. and Loreto, V.},
       title={Modeling the emergence of universality in color naming patterns},
       journal=PROCNAS,
       volume={107},
       year = 2010,
       pages = {2403-2407}
     }

@article{Loreto12,
       author={Loreto, V. and Mukherjee, A. and Tria, F.},
       title={On the origin of the hierarchy of color names},
       journal=PROCNAS,
       volume={109},
       year = 2012,
       pages = {6819-6824}
     }

@incollection{KayEnc,
       author={Kay, P. and Cook, R.},
       year="in press",
       title={The {W}orld {C}olor {S}urvey (encyclopedia chapter)},
       booktitle={Encyclopedia of Color Science and Technology},
       editor={Luo, R.},
       pages={},
       publisher={Springer},
       address={}
     }

@article{Kay03,
       author={Kay, P. and Regier, T.},
       title={Resolving the question of color naming universals},
       journal=PROCNAS,
       volume={100},
       year = 2003,
       pages = {9085-9089}
     }

@article{Regier05,
       author={Regier, T. and Kay, P. and Cook, R. S.},
       title={Focal colors are universal after all},
       journal=PROCNAS,
       volume={102},
       year = 2005,
       pages = {8386-8391}
     }

@article{Kay99,
       author={Kay, P. and Maffi, L.},
       title={Color appearance and the emergence and evolution of basic color lexicons},
       journal={American Anthropologist},
       volume={101},
       year = 1999,
       pages = {743-760}
     }

@book{WCS,
       author = {Kay, P. and Berlin, B. and Maffi, L. and Merrifield, W. R. and Cook, R.},
       year = {2009},
       title = {The World Color Survey},
       publisher = {Center for the Study of Language and Information},
       address = {Stanford}
     }

@misc{WCSdata, author={Cook, R. and Kay, P. and Regier, T.}, title={{WCS} {D}ata {A}rchives}, howpublished={Available at http://www.icsi.berkeley.edu/wcs/data.html (approached January 2013)}}

@article{Roberson00,
       author={D. Roberson and I. Davies and J. Davidoff},
       title={Color categories are not universal: Replications and evidence form a stone-age culture},
       journal={Journal of Experimental Psychology: General},
       volume={126},
       year = 2000,
       pages = {369-398}
     }

@article{Roberson05,
       author={Roberson, D. and Davidoff, J. and Davies, I. R. and Shapiro, L. R.},
       title={Color categories: evidence for the cultural relativity hypothesis},
       journal={Cognitive psychology},
       volume={50},
       year = 2005,
       pages = {378-411}
     }

@article{Kay05,
       author={Kay, P.},
       title={Color categories are not arbitrary},
       journal={Cross Cultural Research},
       volume={39},
       year = 2005,
       pages = {39-55}
     }

@incollection{Kay97,
       author={Kay, P. and Berlin, B. and Maffi, L. and Merrifield, W.},
       year={1997},
       title={Color naming across languages},
       booktitle={Color categories in thought and language},
       editor={Hardin, C. L. and Maffi, L.},
       pages={},
       publisher={},
       address={Cambridge}
     }

@article{Kay91,
       author={P. Kay and B. Berlin and W. R. Merrifield},
       title={Biocultural implications of systems of color naming},
       journal={Journal of Linguistic Anthropology},
       volume={1},
       year = 1991,
       pages = {12-25}
     }

@article{Kay75,
       author={P. Kay},
       title={Synchronic variability and diachronic change in basic color terms},
       journal={Language in Society},
       volume={4},
       year = 1975,
       pages = {257-270}
     }

@article{Kay78,
       author={P. Kay and C. K. McDaniel},
       title={The linguistic significance of the meanings of basic color terms},
       journal={Language},
       volume={54},
       year = 1978,
       pages = {610-646}
     }

@book{Brandom,
       author = {R. Brandom},
       year = {1998},
       title = {Making it explicit: Reasoning, representing and discursive commitment},
       publisher = {Harvard University Press},
       address = {USA}
     }

 @article{Davidson73,
       author={D. Davidson},
       title={Radical interpretation},
       journal={Dialectica},
       volume={27},
       year = 1973,
       pages = {313-328}
     }

@book{Wierzbicka96,
       author = {A. Wierzbicka},
       year = {1996},
       title = {Semantics: Primes and Universals},
       publisher = {Oxford University Press},
       address = {UK}
     }

@article{Brown54,
       author={R. W. Brown and E. H. Lenneberg},
       title={A study in language and cognition},
       journal={Journal of Abnormal and Social Psychology},
       volume={49},
       year = 1954,
       pages = {454-462}
     }


 @incollection{Lenneberg56,
       author={E. H. Lenneberg and J. Roberts},
       year=1956,
       title={The language of experience: A study in methodology},
       booktitle={Indiana University Publications in Anthropology and Linguistics, Memoir 13},
       editor={},
       pages={},
       publisher={Waverly Press},
       address={Baltimore}
     }

@incollection{Rosch73,
       author={E. [Heider] Rosch},
       year={1973},
       title={On the internal structure of perceptual and semantic categories},
       booktitle={Cognitive Development and the Acquisition of Language},
       editor={T. E. Moore},
       pages={},
       publisher={Academic Press},
       address={New York}
     }
@article{Rosch72a,
       author={E. [Heider] Rosch},
       title={Universals in color naming and memory},
       journal={Journal of Experimental Psychology},
       volume={93},
       year = 1972,
       pages = {10-20}
     }

@article{Rosch72b,
       author={E. [Heider] Rosch},
       title={Probabilities, sampling, and ethnographic method: The case of {D}ani colour names},
       journal={Man},
       volume={7},
       year = 1972,
       pages = {448-466}
     }

@unpublished{Correia13,
       author = {J. P. Correia and R. Ocel{\'a}k},
       year = {2013},
       title = {Modeling basic color term usage with similarity-maximization games},
       note = {Unpublished}
     }

@book{Marconi97,
       author = {D. Marconi},
       year = {1997},
       title = {Lexical Competence},
       publisher = {MIT Press},
       address = {Cambridge, Massachusetts, USA}
     }

@book{Sellars56,
       author = {W. Sellars},
       year = {1997},
       title = {Empiricism and the Philosophy of Mind},
       publisher = {MIT Press},
       address = {Cambridge, Massachusetts, USA}
     }

@book{MacLaury97b,
       author = {R. E. MacLaury},
       year = {1997},
       title = {Color and Cognition in Mesoamerica: Constructing Categories as Vantages},
       publisher = {University of Texas Press},
       address = {}
     }

@article{Conklin55,
       author={H. C. Conklin},
       title={Hanun{\'o}o color categories},
       journal={Southwestern Journal of Anthropology},
       volume={11},
       year = 1955,
       pages = {339-344}
     }

@article{Saunders00,
       author={B. Saunders},
       title={Revisiting \textit{Basic color terms}},
       journal={The Journal of the Royal Anthropological Institute},
       volume={6},
       year = 2000,
       pages = {81-99}
     }

 @article{Regier09,
       author={T. Regier and P. Kay and N. Khetarpal},
       title={Color naming and the shape of color space},
       journal={Language},
       volume={85},
       year = 2009,
       pages = {884-892}
     }

@article{Logvinenko12,
       author={A. Logvinenko},
       title={A theory of unique hues and colour categories in the human colour vision},
       journal={Color Research and Application},
       volume={37},
       year = 2012,
       pages = {109-116}
     }


@masterthesis{Xue2008,
       author = {Y. Xue},
       year = {2009},
       title = {Uniform Color Spaces Based on {CIECAM}02 and {IPT} Color Difference Equations},
       note = {Master thesis, Rochester Institute of Technology.}
     }

@incollection{Jameson10,
       author={K. Jameson},
       year= 2010,
       title={Where in the {W}orld {C}olor {S}urvey is the support for the {H}ering primaries as the basis for color categorization?},
       booktitle={Color Ontology and Color Science},
       editor={J. D. Cohena and M. Matthen},
       pages={179-202},
       publisher={MIT Press},
       address={Cambridge, Massachusetts}
     }

@article{Xiao2011,
       author={K. Xiao and S. Wuerger and Ch. Fu and D. Karatzas},
       title={Unique hue data for colour appearance models. {P}art {I}: {L}oci of unique hues and hue uniformity},
       journal={Color Research and Application},
       volume={36},
       year = 2011,
       pages = {316-323}
     }

@article{Panorgias2010,
       author={A. Panorgias and J. J. Kulikowski and N. R. A. Perry and D. J. McKeefry and I. J. Murray},
       title={Naming versus matching and the stability of unique hues},
       journal={Ophtalmic and Physiological Optics},
       volume={30},
       year = 2010,
       pages = {553-559}
     }

@article{Broackes2011,
       author={J. Broackes},
       title={Where do the unique hues come from?},
       journal={Revue of Philosophy and Psychology},
       volume={2},
       year = 2011,
       pages = {601-628}
     }


@article{Stoughton2008,
       author={C. M. Stoughton and B. R. Conway},
       title={Neural basis for unique hues},
       journal={Current Biology},
       volume={18},
       year = 2008,
       pages = {R698-R699}
     }

@article{Mollon2009,
       author={J. Mollon},
       title={A neural basis for unique hues},
       journal={Current Biology},
       volume={19},
       year = 2009,
       pages = {R441-R442}
     }

@article{Stoughton2009,
       author={B. R. Conway and C. M. Stoughton},
       title={Response: Towards a neural representation for unique hues},
       journal={Current Biology},
       volume={19},
       year = 2009,
       pages = {R442-R443}
     }

@article{Sharma05,
       author={G. Sharma and W. Wu and E. N. Dalal},
       title={The {CIEDE}2000 color-difference formula: Implementation notes, supplementary test data, and mathematical observations},
       journal={COLOR research and application},
       volume={30},
       year = 2005,
       pages = {21-30}
     }

@article{Kuehni02,
       author={R. G. Kuehni},
       title={{CIEDE}2000: Milestone, or final answer?},
       journal={COLOR research and application},
       volume={27},
       year = 2002,
       pages = {126-127}
     }

@article{Luo02,
       author={M. R. Luo and G. Cui and B. Rigg},
       title={Further comments on {CIEDE}2000},
       journal={COLOR research and application},
       volume={27},
       year = 2002,
       pages = {127-128}
     }

@misc{MacEvoy,
       author = {B. MacEvoy},
       note = {http://www.handprint.com. Approached 24-04-2013.},
     }

@incollection{Wuerger11,
       author={S. M. Wuerger and L. Parkes},
       year={2011},
       title={Unique hues: Perception and brain imaging},
       booktitle={New Directions in Colour Studies},
       editor={C. P. Biggam and C. A. Hough and C. J. Kay and D. R. Simmons},
       pages={445-455},
       publisher={John Benjamins Publishing Company},
       address={Amsterdam/Philadelphia}
     }

@article{Krauskopf86,
       author={J. Krauskopf and D. R. Williams and M. B. Mandler and A. M. Brown},
       title={Higher order color mechanisms},
       journal={Vision Research},
       volume={26},
       year = 1986,
       pages = {23-32}
     }

@article{DeValois66,
       author={R. L. De Valois and I. Abramov and G. H. Jacobs},
       title={Analysis of response patterns of {LGN} cells},
       journal={Journal of the Optical Society of America},
       volume={56},
       year = 1966,
       pages = {966-977}
     }

@article{Hurvich57,
       author={L. M. Hurvich and D. Jameson},
       title={An opponent-process theory of color vision},
       journal={Psychological Review},
       volume={64},
       year = 1957,
       pages = {384-404}
     }

@article{Valberg01,
       author={A. Valberg},
       title={Unique hues: an old problem for a new generation},
       journal={Vision Research},
       volume={41},
       year = 2001,
       pages = {1645-1657}
     }

@article{Sternheim66,
       author={C. E. Sternheim and R. M. Boynton},
       title={Uniqueness of perceived hues investigated with a continuous judgmental technique},
       journal={Journal of Experimental Psychology},
       volume={72},
       year = 1966,
       pages = {770-776}
     }



 @incollection{DeValois75,
       author={R. L. De Valois and K. K. De Valois},
       year={1975},
       title={Neural coding of color},
       booktitle={Handbook of perception},
       editor={E. C. Carterette and M. P. Friedman},
       pages={},
       publisher={Academic Press},
       address={}
     }


 @book{Hering1878,
       author = {E. Hering},
       year = {1878},
       title = {Zur Lehre vom Lichtsinne: sechs Mitteilungen an die Kaiserl. Akademie der Wissenschaften in Wien},
       publisher = {Carl Gerolds Sohn},
       address = {Wien}
     }

 @book{Hering64,
       author = {E. Hering},
       year = {1964},
       title = {Outlines of a Theory of the Light Sense},
       publisher = {Harvard University Press},
       note = {Translated by L. M. Hurvich and D. Jameson}
       address = {}
     }

 @book{CIE87,
       author = {CIE},
       year = {1987},
       title = {International Lighting Vocabulary (Publication CIE No. 17.4)},
       publisher = {Bureau Central de la Comission Electrotechnique Internationale},
       address = {}
     }

 @book{Wittgenstein77,
       author = {L. Wittgenstein},
       year = {1977},
       title = {Remarks on Colour - Bemerkungen {\"U}ber die Farben},
       publisher = {Blackwell},
       address = {Oxford}
     }

 @book{Wittgenstein67,
       author = {L. Wittgenstein},
       year = {1967},
       title = {Philosophical Investigations},
       publisher = {Blackwell},
       address = {Oxford}
     }

@book{Gage99,
       author = {J. Gage},
       year = {1999},
       title = {Colour and meaning: Art, science and symbolism},
       publisher = {Thames and Hudson},
       address = {}
     }
 
@book{Hardin88,
       author = {C. L. Hardin},
       year = {1988},
       title = {Color for Philosophers: Unweaving the Rainbow},
       publisher = {Hackett},
       address = {}
     }

@article{Davidoff10,
       author={J. Davidoff and J. Fagot},
       title={Cross-species assessment of the linguistic origins of color categories},
       journal={Comparative cognition and behavior reviews},
       volume={5},
       year = 2010,
       pages = {100-116}
     }

@article{FranklinKay08b,
       author={A. Franklin and G. V. Drivonikou and A. Clifford and P. Kay and T. Regier and I. R. L. Davies},
       title={Lateralization of categorical perception of color changes with color term acquisition},
       journal=PROCNAS,
       volume={105},
       year = 2008,
       pages = {18221-18225}
     }

@article{FranklinKay08a,
       author={A. Franklin and G. V. Drivonikou and L. Bevis and I. R. L. Davies and P. Kay and T. Regier},
       title={Categorical perception of color is lateralized to the right hemisphere in infants, but to the left hemisphere in adults},
       journal=PROCNAS,
       volume={105},
       year = 2008,
       pages = {3221-3225}
     }

@article{Ozturk13,
       author={O. Ozturk and S. Shayan and U. Liszkowski and A. Majid},
       title={Language is not necessary for color categories},
       journal={Developmental Science},
       volume={16},
       year = 2013,
       pages = {111-115}
     }

@article{Franklin09,
       author={A. Franklin and O. Wright and I. R. L. Davies},
       title={What can we learn from toddlers about categorical perception of color? {C}omments on {G}oldstein, {D}avidoff and {R}oberson},
       journal={Journal of Experimental Child Psychology},
       volume={102},
       year = 2009,
       pages = {239-245}
     }

@article{Franklin08,
       author={A. Franklin and N. Pitchford and L. Hart and I. R. L. Davies and S. Clausse and S. Jennings},
       title={Salience of primary and secondary colours in infancy},
       journal={British Journal of Developmental Psychology},
       volume={26},
       year = 2008,
       pages = {471-483}
     }

@article{Clifford12,
       author={A. Clifford and A. Franklin and A. Holmes and V. G. Drivonikou and E. {\"O}zgen and I. R. L. Davies},
       title={Neural correlates of acquired category effects},
       journal={Brain and cognition},
       volume={80},
       year = 2012,
       pages = {126-143}
     }

@article{Brown11,
       author={A. M. Brown and D. T. Lindsey and K. M. Guckes},
       title={Color names, color categories, and color-cued visual search: Sometimes, color perception is not categorical},
       journal={Journal of Vision},
       volume={11},
       year = 2011,
       pages = {1-21}
     }

@article{Davidoff12,
       author={J. Davidoff and J. Goldstein and I. Tharp and E. Wakui and J. Fagot},
       title={Perceptual and categorical judgments of colour similarity},
       journal={Journal of cognitive psychology},
       volume={},
       year = 2012,
       pages = {1-22}
     }

@article{Jraissati12a,
       author={Y. Jraissati},
       title={Categorical perception of color: assessing the role of language},
       journal={Croatian Journal of Psychology},
       volume={12},
       year = 2012,
       pages = {439-462}
     }

@incollection{Clifford11,
       author={A. Clifford and A. Franklin and A. Holmes and I. R. L. Davies},
       year={2011},
       title={Investigating the underlying mechanisms of categorical perception of colour using the event-related potential technique},
       booktitle={New Directions in Colour Studies},
       editor={C. P. Biggam and C. A. Hough and C. J. Kay and D. R. Simmons},
       pages={237-249},
       publisher={John Benjamins Publishing Company},
       address={Amsterdam/Philadelphia}
     }

@incollection{Drivonikou11,
       author={G. Drivonikou and A. Clifford and A. Franklin and E. {\"O}zgen},
       year={2011},
       title={Category training affects colour discrimination but only in the right visual field},
       booktitle={New Directions in Colour Studies},
       editor={C. P. Biggam and C. A. Hough and C. J. Kay and D. R. Simmons},
       pages={251-264},
       publisher={John Benjamins Publishing Company},
       address={Amsterdam/Philadelphia}
     }

@article{Franklin04,
       author={A. Franklin and I. R. L. Davies},
       title={New evidence for infant colour categories},
       journal={British Journal of Developmental Psychology},
       volume={22},
       year = 2004,
       pages = {349-377}
     }

@article{Franklin05,
       author={A. Franklin and M. Pilling and I. R. L. Davies},
       title={The nature of infant colour categorisation: Evidence from eye-movements on a target detection task},
       journal={Journal of Experimental Child Psychology},
       volume={22},
       year = 2005,
       pages = {349-377}
     }

@article{Bornstein76,
       author={M. Bornstein and W. Kessen and S. Weiskopf},
       title={Color vision and hue categorisation in young human infants},
       journal={Journal of Experimental Psychology: Human Perception and Performance},
       volume={2},
       year = 1976,
       pages = {115-129}
     }

@article{Jraissati13,
       author={Y. Jraissati},
       title={Proving universalism wrong does not prove relativism right: Considerations on the ongoing color categorization debate},
       journal={Philosophical Psychology},
       volume={},
       year = 2013,
       pages = {1-24}
     }

@article{Clifford09,
       author={A. Clifford and A. Franklin and I. R. L. Davies and A. Holmes},
       title={Electrophysiological markers of categorical perception of color in 7-month old infants},
       journal={Brain and Cognition},
       volume={71},
       year = 2009,
       pages = {165-172}
     }

@article{Davidoff09,
       author={J. Davidoff and J. Goldstein and D. Roberson},
       title={Nature vs. nurture: the simple contrast},
       journal={Journal of Experimental Child Psychology},
       volume={102},
       year = 2009,
       pages = {246-250}
     }

@article{Franklin05b,
       author={A. Franklin and A. Clifford and E. Williamson and I. R. L. Davies},
       title={Color term knowledge does not affect categorical perception of color in toddlers},
       journal={Journal of experimental child psychology},
       volume={90},
       year = 2005,
       pages = {114-141}
     }

@article{Ozgen02,
       author={E. {\"O}zgen and I. R. L. Davies},
       title={Acquisition of categorical colour perception: A perceptual learning approach to the Linguistic Relativity Hypothesis},
       journal={Journal of Experimental Psychology: General},
       volume={131},
       year = 2002,
       pages = {477-493}
     }

 @incollection{Harnad87,
       author={S. Harnad},
       year={1987},
       title={Psychophysical and cognitive aspects of categorical perception: A critical overview},
       booktitle={Categorical perception: the groundwork of cognition},
       editor={S. Harnad},
       pages={535-565},
       publisher={Cambridge University Press},
       address={Cambridge}
     }

@article{Steels05,
       author={Steels, L. and Belpaeme, T.},
       title={Coordinating perceptually grounded categories through language: A case study for colour},
       journal={Behavioral and Brain Sciences},
       volume={28},
       year = 2005,
       pages = {469-529}
     }

@article{Birch12,
       author={J. Birch},
       title={Worldwide prevalence of red-green color deficiency},
       journal={Journal of the Optical Society of America A: Optics, Image Science, and Vision},
       volume={29},
       year = 2012,
       pages = {313-320}
     }

@inproceedings{Jaeger09,
       author={G. J{\"a}ger},
       title={Natural color categories are convex sets},
       booktitle={Logic, Language and Meaning - 17th Amsterdam Colloquium, Amsterdam, The Netherlands, December 16-18, 2009, Revised Selected Papers},
       year = {2009},
       editor={M. Aloni and H. Bastiaanse and T. de Jager and K. Schulz},
       pages = {11-20}
     }

@article{Rooij07,
       author={J{\"a}ger, G. and van Rooij, R.},
       title={Language structure: psychological and social constraints},
       journal={Synthese},
       volume={159},
       year = 2007,
       pages = {99-130}
     }

@article{Yendrikhovskij01,
       author={Yendrikhovskij, S.},
       title={A computational model of colour categorization},
       journal={Color research and application},
       volume={26},
       year = 2001,
       pages = {S235-S238}
     }

@article{Crane83,
       author={H. D. Crane and T. P. Piantida},
       title={On seeing reddish green and yellowish blue},
       journal={Science},
       volume={221},
       year = 1983,
       pages = {1078-1080}
     }

@article{Brakel1993,
       author={J. van Brakel},
       title={The plasticity of categories: the case of colour},
       journal={British Journal for the Philosophy of Science},
       volume={44},
       year = 1993,
       pages = {103-135}
     }

@article{Winawer07,
       author={J. Winawer and N. Witthoft and M. C. Frank and L. Wu and A. R. Wade and L. Boroditsky},
       title={Russian blues reveal effects of language on color discrimination},
       journal=PROCNAS,
       volume={104},
       year = 2007 ,
       pages = {7780-7785}
     }

@article{Hanley11,
       author={J. R. Hanley and D. Roberson},
       title={Categorical perception effects reflect differences in typicality on within-category trials},
       journal={Psychonomic Bulletin and Review},
       volume={18},
       year = 2011 ,
       pages = {355-363}
     }

@article{Philipona06,
       author={D. L. Philipona and J. K. O'Regan},
       title={Color naming, unique hues, and hue cancellation predicted from singularities in reflection properties},
       journal={Visual Neuroscience},
       volume={23},
       year = 2006,
       pages = {331-339}
     }

@article{Philipona08,
       author={D. L. Philipona and J. K. O'Regan},
       title={Reply to {J}ohnson and {W}right},
       journal={Visual Neuroscience},
       volume={25},
       year = 2008,
       pages = {225-226}
     }

@article{Johnson08,
       author={K. Johnson and W. Wright},
       title={Reply to {P}hilipona and {O}'{R}egan},
       journal={Visual Neuroscience},
       volume={25},
       year = 2008,
       pages = {221-224}
     }

@article{Mollon06,
       author={J. Mollon},
       title={Monge: {T}he {V}erriest Lecture, {L}yon, {J}uly 2005},
       journal={Visual Neuroscience},
       volume={23},
       year = 2006,
       pages = {297-309}
     }

@article{Witzel13,
       author={C. Witzel and K. R. Gegenfurtner},
       title={Categorical sensitivity to color differences},
       journal={Journal of Vision},
       volume={13},
       year = 2013,
       pages = {1-33}
     }

@incollection{Byrne10,
       author={A. Byrne and D. Hilbert},
       year={2010},
       title={How do things look to the color-blind?},
       booktitle={Color ontology and color science},
       editor={J. Cohen and M. Matthen},
       pages={259-290},
       publisher={MIT Press},
       address={}
     }