@string(PROCNAS="Proceedings of the National Academy of Sciences")

@comment article{,
       author={},
       title={},
       journal={},
       volume={},
       year = ,
       pages = {}
     }

@comment incollection{,
       author={},
       year={},
       title={},
       booktitle={},
       editor={},
       pages={},
       publisher={},
       addess={}
     }

@comment book{,
       author = {},
       year = {},
       title = {},
       publisher = {},
       address = {}
     }



@article{Reg07,
       author={Regier, T. and Kay, P. and Khetarpal, N.},
       title={Color naming reflects optimal partitions of color space},
       journal=PROCNAS,
       volume={104},
       year = 2007 ,
       pages = {1436-1441}
     }

@article{Rooij07,
       author={J\"ager, G. and van Rooij, R.},
       title={Language structure: psychological and social constraints},
       journal={Synthese},
       volume={159},
       year = 2007,
       pages = {99-130}
     }

@article{Baron10,
       author={Baronchelli, A. and Gong, T. and Puglisi, A. and Loreto, V.},
       title={Modeling the emergence of universality in color naming patterns
},
       journal=PROCNAS,
       volume={107},
       year = 2010,
       pages = {2403-2407}
     }

@article{Lor12,
       author={Loreto, V. and Mukherjee, A. and Tria, F.},
       title={On the origin of the hierarchy of color names},
       journal=PROCNAS,
       volume={109},
       year = 2012,
       pages = {6819}
     }

@article{Steels05,
       author={Steels, L. and Belpaeme, T.},
       title={Coordinating perceptually grounded categories through language: A case study for colour},
       journal={Behavioral and Brain Sciences},
       volume={28},
       year = 2005,
       pages = {469-529}
     }

@article{Webster05,
       author={Webster, M. A. and Kay, P.},
       title={Variations in color naming within and across populations [commentary on Steels and Belpaeme]},
       journal={Behavioral and Brain Sciences},
       volume={28},
       year = 2005,
       pages = {512-513}
     }


@incollection{KayEnc,
       author={Kay, P. and Cook, R.},
       year="in press",
       title={The World Color Survey (encyclopedia chapter)},
       booktitle={Encyclopedia of Color Science and Technology},
       editor={Luo, R.},
       pages={},
       publisher={Springer},
       addess={}
     }

@article{Kay03,
       author={Kay, P. and Regier, T.},
       title={Resolving the question of color naming universals},
       journal=PROCNAS,
       volume={100},
       year = 2003,
       pages = {9085-9089}
     }

@article{Reg05,
       author={Regier, T. and Kay, P. and Cook, R. S.},
       title={Focal colors are universal after all},
       journal=PROCNAS,
       volume={102},
       year = 2005,
       pages = {8386-8391}
     }

@incollection{Jam97,
       author={Jameson, K. A. and D'Andrade, R. G.},
       year={1997},
       title={It's not really Red, Green, Yellow, Blue: An inquiry into perceptual color space},
       booktitle={Color categories in thought and language},
       editor={Hardin, C. L. and Maffi, L.},
       pages={295-319},
       publisher={Cambridge University Press},
       addess={Cambridge, UK}
     }

@article{Yendr01,
       author={Yendrikhovskij, S.},
       title={A computational model of colour categorization},
       journal={Color research and application},
       volume={26},
       year = 2001,
       pages = {S235-S238}
     }

@article{Kay99,
       author={Kay, P. and Maffi, L.},
       title={Color appearance and the emergence and evolution of basic color lexicons},
       journal={American Anthropologist},
       volume={101},
       year = 1999,
       pages = {743-760}
     }

@book{WCS,
       author = {Kay, P. and Berlin, B. and Maffi, L. and Merrifield, W. R. and Cook, R.},
       year = {2009},
       title = {The World Color Survey},
       publisher = {Center for the Study of Language and Information},
       address = {Stanford}
     }

@book{Berlin69,
       author = {Berlin, B. and Kay P.},
       year = 1969,
       title = {Basic Color Terms},
       publisher = {University of California Press},
       address = {Berkeley, California}
     }


@misc{WCSdata, author={Cook, R. and Kay, P. and Regier, T.}, title={{WCS Data Archives}}, howpublished={Available at http://www.icsi.berkeley.edu/wcs/data.html (January 2013)}}

@article{Smith03,
       author={Smith, K. and Kirby, S. and Brighton, H.},
       title={Iterated learning: A framework for the emergence of language},
       journal={Artificial Life},
       volume={9},
       year = 2003,
       pages = {371-386}
     }

@article{Dowm07,
       author={Dowman, M.},
       title={Explaining color term typology with an evolutionary mode},
       journal={Cognitive Science},
       volume={31},
       year = 2007,
       pages = {99-132}
     }

@article{Rob05,
       author={Roberson, D. and Davidoff, J. and Davies, I. R. and Shapiro, L. R.},
       title={Color categories: evidence for the cultural relativity hypothesis},
       journal={Cognitive psychology},
       volume={50},
       year = 2005,
       pages = {378-411}
     }

@article{Kay05,
       author={Kay, P.},
       title={Color categories are not arbitrary},
       journal={Cross Cultural Research},
       volume={39},
       year = 2005,
       pages = {39-55}
     }

@incollection{Kay97,
       author={Kay, P. and Berlin, B. and Maffi, L. and Merrifield, W.},
       year={1997},
       title={Color naming across languages},
       booktitle={Color categories in thought and language},
       editor={Hardin, C. L. and Maffi, L.},
       pages={},
       publisher={},
       addess={Cambridge}
     }
     
@book{Skyrms2010,
  title={Signals},
  author={Skyrms, B.},
  year={2010},
  publisher={Oxford University Press}
}

@book{fairchild2005color,
  title={Color Appearance Models},
  author={Fairchild, M.D.},
  series={The Wiley-IS\&T Series in Imaging Science and Technology},
  year={2005},
  publisher={Wiley}
}
